@inproceedings{Riedl:2003:MIU:860575.860694,
 author = {Riedl, Mark Owen and Saretto, C. J. and Young, R. Michael},
 title = {Managing interaction between users and agents in a multi-agent storytelling environment},
 booktitle = {Proceedings of the second international joint conference on Autonomous agents and multiagent systems},
 series = {AAMAS '03},
 year = {2003},
 isbn = {1-58113-683-8},
 location = {Melbourne, Australia},
 pages = {741--748},
 numpages = {8},
 url = {http://doi.acm.org/10.1145/860575.860694},
 doi = {10.1145/860575.860694},
 acmid = {860694},
 publisher = {ACM},
 address = {New York, NY, USA},
 keywords = {computer games, embodied agents, interactive narrative, planning},
}

@inproceedings{Riedl:2004:IPM:1018409.1018753,
 author = {Riedl, Mark Owen and Young, R. Michael},
 title = {An Intent-Driven Planner for Multi-Agent Story Generation},
 booktitle = {Proceedings of the Third International Joint Conference on Autonomous Agents and Multiagent Systems - Volume 1},
 series = {AAMAS '04},
 year = {2004},
 isbn = {1-58113-864-4},
 location = {New York, New York},
 pages = {186--193},
 numpages = {8},
 url = {http://dx.doi.org/10.1109/AAMAS.2004.63},
 doi = {10.1109/AAMAS.2004.63},
 acmid = {1018753},
 publisher = {IEEE Computer Society},
 address = {Washington, DC, USA},
}

@inproceedings{Magerko:2004:ACD:1597321.1597339,
 author = {Magerko, Brian and Laird, John E. and Assanie, Mazin and Kerfoot, Alex and Stokes, Devvan},
 title = {AI characters and directors for interactive computer games},
 booktitle = {Proceedings of the 16th conference on Innovative applications of artifical intelligence},
 series = {IAAI'04},
 year = {2004},
 isbn = {0-262-51183-5},
 location = {San Jose, California},
 pages = {877--883},
 numpages = {7},
 url = {http://dl.acm.org/citation.cfm?id=1597321.1597339},
 acmid = {1597339},
 publisher = {AAAI Press},
}

@inproceedings{Porteous:2009:CNG:1695522.1695557,
 author = {Porteous, Julie and Cavazza, Marc},
 title = {Controlling Narrative Generation with Planning Trajectories: The Role of Constraints},
 booktitle = {Proceedings of the 2nd Joint International Conference on Interactive Digital Storytelling: Interactive Storytelling},
 series = {ICIDS '09},
 year = {2009},
 isbn = {978-3-642-10642-2},
 location = {Guimar\&\#227;es, Portugal},
 pages = {234--245},
 numpages = {12},
 url = {http://dx.doi.org/10.1007/978-3-642-10643-9_28},
 doi = {10.1007/978-3-642-10643-9_28},
 acmid = {1695557},
 publisher = {Springer-Verlag},
 address = {Berlin, Heidelberg},
 keywords = {Planning, narrative control, narrative generation},
}

@phdthesis{Weyhrauch:1997:GID:925491,
 author = {Weyhrauch, Peter William},
 title = {Guiding interactive drama},
 year = {1997},
 isbn = {0-591-52286-1},
 note = {AAI9802566},
 publisher = {Carnegie Mellon University},
 address = {Pittsburgh, PA, USA},
 school = {Carnegie Mellon University},
}

@article{Cavazza:2002:CIS:630325.630747,
 author = {Cavazza, Marc and Charles, Fred and Mead, Steven J.},
 title = {Character-Based Interactive Storytelling},
 journal = {IEEE Intelligent Systems},
 issue_date = {July 2002},
 volume = {17},
 number = {4},
 month = jul,
 year = {2002},
 issn = {1541-1672},
 pages = {17--24},
 numpages = {8},
 url = {http://dx.doi.org/10.1109/MIS.2002.1024747},
 doi = {10.1109/MIS.2002.1024747},
 acmid = {630747},
 publisher = {IEEE Educational Activities Department},
 address = {Piscataway, NJ, USA},
 keywords = {interactive storytelling, synthetic characters, planning, computer games, speech understanding.},
}
 
@article{Greimas:Boydstun:90,
author = {Marvin Katilius-Boydstun},
title = {The Semiotics of {A.J. Greimas}: An Introduction},
journal = {Lituanian quarterly journal of arts and sciences},
volume = {36},
number = {3},
url = {http://www.lituanus.org/1990_3/90_3_02.htm},
year = {1990},
}

@INPROCEEDINGS{Riedl03character-focusednarrative,
    author = {Mark Owen Riedl and R. Michael Young},
    title = {Character-Focused Narrative Generation for Execution in Virtual Worlds},
    booktitle = {Proceedings of the International Conference on Virtual Storytelling},
    year = {2003},
    pages = {47--56}
}

@article{Sgouros199929,
title = "Dynamic generation, management and resolution of interactive plots ",
journal = "Artificial Intelligence ",
volume = "107",
number = "1",
pages = "29 - 62",
year = "1999",
note = "",
issn = "0004-3702",
doi = "http://dx.doi.org/10.1016/S0004-3702(98)00106-4",
url = "http://www.sciencedirect.com/science/article/pii/S0004370298001064",
author = "Nikitas M. Sgouros",
keywords = "Art and entertainment "
}